@misc{Nelson-VM-Migration,
	author = "Nelson, Michael and Lim, Beng-Hong and Hutchins, Greg",
	year = "2005",
	title = "Fast Transparent Migration for Virtual Machines"
}
@misc{Phi-Load-Balance,
	author = "Phi, Nguyen Xuan and Hung, Tran Cong",
	title = "Load Balancing Algorithm to Improve Response Time on Cloud Computing",
	year = "2017"
}
@misc{Hane,
	author = "Hane, Oskar",
	year = "2015",
	title = "Build Your Own PaaS with Docker",
	address = "Birmingham, UK"
}
@book{Tanenbaum,
	author = "Tanenbaum, Andrew S.",
	year = "2007",
	title = "Sistemas Distribuídos princípios e paradigmas",
	address = "São Paulo",
	edition = "Second"
}
@book{Coulouris-2012,
	author = "Coulouris, George",
	title = "Distributed Systems concepts and design",
	year = "2012",
	publisher = "Pearson Education",
	edition = "5.ed"
}
@book{Deepak-Kubernetes,
	title =     {Kubernetes Microservices with Docker},
	author =    {Deepak Vohra},
	publisher = {Apress},
	isbn =      {978-1-484219-06-5},
	year =      {2016}
}
@book{book:1525537,
	title =     {Docker Cookbook: Solutions and Examples for Building Distributed Applications},
	author =    {Sebastien Goasguen},
	publisher = {O'Reilly Media},
	isbn =      {978-1-49191-971-2},
	year =      {2015},
	series =    {},
	edition =   {},
	volume =    {},
	url =       {http://gen.lib.rus.ec/book/index.php?md5=686BF263F7AB0D996EFDE7A9E4A7D40C}
}
@book{book:1527170,
	title =     {Orchestrating Docker: Manage and deploy Docker services to containerize applications efficiently},
	author =    {Shrikrishna Holla},
	publisher = {Packt Publishing},
	isbn =      {978-1-78398-478-7},
	year =      {2015},
	url =       {http://gen.lib.rus.ec/book/index.php?md5=3B8DA3B0337F97D12ECFD6825E710DD3}
}
@book{book:215845,
	title =     {Distributed Object Architectures with CORBA},
	author =    {Henry Balen, Mark Elenko, Jan Jones, Gordon Palumbo},
	publisher = {Cambridge University Press :, SIGS Books},
	isbn =      {9780521654180,0521654181},
	year =      {2000},
	series =    {Managing object technology series 21},
	edition =   {0},
	volume =    {},
	url =       {http://gen.lib.rus.ec/book/index.php?md5=96B08B78CA4247A6386D3C52EFFA6049}
}
@book{book:249794,
	title =     {Fundamentals of Distributed Object Systems: The CORBA Perspective},
	author =    {Zahir Tari, Omran Bukhres},
	publisher = {Wiley-Interscience},
	isbn =      {0471351989,0471200646},
	year =      {2001},
	series =    {},
	edition =   {1},
	volume =    {},
	url =       {http://gen.lib.rus.ec/book/index.php?md5=0D28A28A4ABEBFDEF70F2F6D09C2EFCA}
}
@misc{Khandekar,
	author = "Khandekar, Milind M. and Jeyakeerthi, Jeyappragash J.",
	year = "2015",
	title = "Methods and Apparatus for Performing Dynamic Load Balancing of Processing Resources"
}